@Book{hosmer89,
  author = 	 {Hosmer, D and Lemeshow, S},
  title = 	 {Applied Logistic Regression},
  publisher = 	 {New York: Wiley},
  isbn =         {0-471-35632-8},
  year = 	 1989}

@Article{zeilis05,
  author = 	 {Zeilis, A and Grothendieck, G},
  title = 	 {{\tt zoo}: S3 Infrastructure for Regular and Irregular Time Series},
  journal = 	 {Journal of Statistical Software},
  year = 	 2005,
  volume = 	 14,
  number = 	 6,
  url = 	 {http://www.jstatsoft.org/v14/i06}}

@Manual{harrell11,
    title = {Hmisc: Harrell Miscellaneous},
    author = {Frank E Harrell Jr and with contributions from many other users.},
    year = {2011},
    note = {R package version 3.9-0},
    url = {http://lib.stat.cmu.edu/S/Harrell/Hmisc.html}}

@Book{hoaglin83,
  author = 	 {Hoaglin, DC and Mosteller, F and Tukey, JW},
  title = 	 {Understanding Robust and Exploratory Data Analysis},
  publisher = 	 {Wiley-Interscience},
  year = 	 1983,
  isbn = 	 {0-471-09777-2}}

@Article{wickham11,
  author = 	 {Wickham, H},
  title = 	 {The Split-Apply-Combine Strategy for Data Analysis},
  journal = 	 {Journal of Statistical Software},
  year = 	 2011,
  volume = 	 40,
  number = 	 1,
  url = 	 {http://www.jstatsoft.org/v40/i01}}

@Article{cleveland79,
  author =       {Cleveland, WS},
  title =        {Robust locally weighted regression and smoothing scatterplots},
  journal =      {Journal of the American Statistical Association},
  year =         1979,
  volume =       74,
  pages =        {829--836}}

@Book{janert09,
  author = 	 {Janert, PK},
  title = 	 {Gnuplot in Action. Understanding Data with Graphs},
  publisher = 	 {Manning Publications},
  year = 	 2009,
  isbn = 	 {978-1933988399}}

@Book{mitchell08,
  author = 	 {Mitchell, MN},
  title = 	 {A Visual Guide to Stata Graphics},
  publisher = 	 {Stata Press},
  year = 	 2008,
  isbn = 	 {978-1597180399}}

@Article{kampstra08,
  author = 	 {Kampstra, P},
  title = 	 {Beanplot: A Boxplot Alternative for Visual Comparison of Distributions},
  journal = 	 {Journal of Statistical Software},
  year = 	 2008,
  volume = 	 28,
  url = 	 {http://www.jstatsoft.org/v28/c01}}

@Article{hintze98,
  author = 	 {Hintze, JL and Nelson, RD},
  title = 	 {Violin Plots: A Box Plot-Density Trace Synergism},
  journal = 	 {The American Statistician},
  year = 	 1998,
  volume = 	 52,
  number = 	 2,
  pages = 	 {181--184}}

@Book{silverman86,
  author = 	 {Silverman, BW},
  title = 	 {Density Estimation},
  publisher = 	 {London: Chapman and Hall},
  year = 	 1986,
  isbn = 	 {978-0412246203}}

@Book{harman76,
  author = 	 {Harman, HH},
  title = 	 {Modern Factor Analysis},
  publisher = 	 {University of Chicago Press},
  year = 	 1976,
  edition = 	 {Third ed.},
  note = 	 {Table 2.3}}